@book{Mitchell:1997:ML:541177,
 author = {Mitchell, Thomas M.},
 title = {Machine Learning},
 year = {1997},
 isbn = {0070428077, 9780070428072},
 edition = {1},
 publisher = {McGraw-Hill, Inc.},
 address = {New York, NY, USA},
} 
@article{Shotton2011,
author = {Shotton, Jamie and Fitzgibbon, Andrew and Cook, Mat and Sharp, Toby and Finocchio, Mark and Moore, Richard and Kipman, Alex and Blake, Andrew},
doi = {10.1109/CVPR.2011.5995316},
file = {:Users/Simon/Documents/Reading/bodypartrecognition.pdf:pdf},
isbn = {978-1-4577-0394-2},
journal = {Cvpr 2011},
mendeley-groups = {Machine Learning},
month = jun,
pages = {1297--1304},
publisher = {Ieee},
title = {{Real-time human pose recognition in parts from single depth images}},
url = {http://ieeexplore.ieee.org/lpdocs/epic03/wrapper.htm?arnumber=5995316},
year = {2011}
}
