@article{Pantic2004,
author = {Pantic, M. and Rothkrantz, L.},
doi = {10.1109/ICME.2004.1394211},
file = {:Users/Simon/Downloads/ICME04-CBR.pdf:pdf},
isbn = {0-7803-8603-5},
journal = {2004 IEEE International Conference on Multimedia and Expo (ICME) (IEEE Cat. No.04TH8763)},
mendeley-groups = {Machine Learning},
pages = {391--394},
publisher = {Ieee},
title = {{Case-based reasoning for user-profiled recognition of emotions from face images}},
url = {http://ieeexplore.ieee.org/lpdocs/epic03/wrapper.htm?arnumber=1394211},
year = {2004}
}
